<record><leader>00000cas a22000007a 4500</leader><controlfield tag="001">11616399</controlfield><controlfield tag="008">850124d19311939mtuwr ne      0    0eng d</controlfield><datafield ind1=" " ind2=" " tag="010"><subfield code="a">sn 85053023 </subfield></datafield><datafield ind1=" " ind2=" " tag="040"><subfield code="a">MTL</subfield><subfield code="b">eng</subfield><subfield code="c">MTL</subfield><subfield code="d">OCLCQ</subfield></datafield><datafield ind1=" " ind2=" " tag="042"><subfield code="a">msc</subfield></datafield><datafield ind1="0" ind2="0" tag="245"><subfield code="a">McCone County sentinel.</subfield></datafield><datafield ind1=" " ind2=" " tag="260"><subfield code="a">Circle, Mont. :</subfield><subfield code="b">A.D. Cullum,</subfield><subfield code="c">1931-1939.</subfield></datafield><datafield ind1=" " ind2=" " tag="300"><subfield code="a">9 v. :</subfield><subfield code="b">ill. ;</subfield><subfield code="c">54 cm.</subfield></datafield><datafield ind1=" " ind2=" " tag="310"><subfield code="a">Weekly</subfield></datafield><datafield ind1="0" ind2=" " tag="362"><subfield code="a">Vol. 1, no. 1 (Aug. 13, 1931)-v. 9, no. 19 (Dec. 14, 1939).</subfield></datafield><datafield ind1=" " ind2=" " tag="500"><subfield code="a">"Republican." Cf. Montana newspaper directory, 1931, 1935.</subfield></datafield><datafield ind1=" " ind2=" " tag="500"><subfield code="a">"Official newspaper of McCone County," 1932-1936; 1938.</subfield></datafield><datafield ind1=" " ind2=" " tag="500"><subfield code="a">"Official newspaper of the Town of Circle," 1938-1939.</subfield></datafield><datafield ind1=" " ind2=" " tag="752"><subfield code="a">United States</subfield><subfield code="b">Montana</subfield><subfield code="c">McCone</subfield><subfield code="d">Circle.</subfield></datafield><datafield ind1="0" ind2="7" tag="785"><subfield code="t">Circle banner (Circle, Mont. : 1914)</subfield><subfield code="w">(DLC)sn 85053024</subfield></datafield><datafield ind1="0" ind2="7" tag="785"><subfield code="t">Circle banner and McCone County sentinel</subfield><subfield code="w">(DLC)sn 85053025</subfield></datafield><datafield ind1="1" ind2=" " tag="029"><subfield code="a">AU@</subfield><subfield code="b">000025791252</subfield></datafield></record>